<?xml version="1.0" encoding="UTF-8" ?>
<marc:collection xmlns:marc="http://www.loc.gov/MARC21/slim"
    xmlns:xsi="http://www.w3.org/2001/XMLSchema-instance"
    xsi:schemaLocation="http://www.loc.gov/MARC21/slim http://www.loc.gov/standards/marcxml/schema/MARC21slim.xsd">
    <marc:record>
        <marc:leader>02254cam a2200517 c 4500</marc:leader>
        <marc:controlfield tag="001">990702982114702202</marc:controlfield>
        <marc:controlfield tag="005">20230828134543.0</marc:controlfield>
        <marc:controlfield tag="007">cr||||||||||||</marc:controlfield>
        <marc:controlfield tag="007">ta</marc:controlfield>
        <marc:controlfield tag="008">150914s2007    no ||||| |||||000|f|nob| </marc:controlfield>
        <marc:datafield tag="020" ind1=" " ind2=" ">
            <marc:subfield code="a">978-82-02-27310-1</marc:subfield>
            <marc:subfield code="q">ib.</marc:subfield>
            <marc:subfield code="q">Cappelens bokklubb</marc:subfield>
        </marc:datafield>
        <marc:datafield tag="020" ind1=" " ind2=" ">
            <marc:subfield code="a">978-82-03-19212-8</marc:subfield>
            <marc:subfield code="q">ib.</marc:subfield>
            <marc:subfield code="c">Nkr 379.00</marc:subfield>
            <marc:subfield code="q">Aschehoug</marc:subfield>
        </marc:datafield>
        <marc:datafield tag="020" ind1=" " ind2=" ">
            <marc:subfield code="a">978-82-525-6580-5</marc:subfield>
            <marc:subfield code="q">ib.</marc:subfield>
            <marc:subfield code="q">Bokklubben</marc:subfield>
        </marc:datafield>
        <marc:datafield tag="080" ind1=" " ind2=" ">
            <marc:subfield code="a">839.6</marc:subfield>
        </marc:datafield>
        <marc:datafield tag="082" ind1="0" ind2="4">
            <marc:subfield code="a">839.82s</marc:subfield>
            <marc:subfield code="2">21</marc:subfield>
        </marc:datafield>
        <marc:datafield tag="082" ind1="7" ind2="4">
            <marc:subfield code="a">839.823</marc:subfield>
            <marc:subfield code="q">NO-OsNB</marc:subfield>
            <marc:subfield code="2">5/nor</marc:subfield>
        </marc:datafield>
        <marc:datafield tag="083" ind1="0" ind2=" ">
            <marc:subfield code="a">3</marc:subfield>
            <marc:subfield code="z">3b</marc:subfield>
            <marc:subfield code="2">21</marc:subfield>
        </marc:datafield>
        <marc:datafield tag="100" ind1="1" ind2=" ">
            <marc:subfield code="a">Nesbø, Jo</marc:subfield>
            <marc:subfield code="d">1960-</marc:subfield>
            <marc:subfield code="1">http://viaf.org/viaf/44460209</marc:subfield>
            <marc:subfield code="4">http://rdaregistry.info/Elements/w/object/P10061</marc:subfield>
            <marc:subfield code="0">(NO-TrBIB)90356569</marc:subfield>
        </marc:datafield>
        <marc:datafield tag="240" ind1="1" ind2="0">
            <marc:subfield code="a">Snømannen</marc:subfield>
            <marc:subfield code="1">http://viaf.org/viaf/312388673</marc:subfield>
        </marc:datafield>
        <marc:datafield tag="245" ind1="1" ind2="0">
            <marc:subfield code="a">Snømannen :</marc:subfield>
            <marc:subfield code="b">roman</marc:subfield>
            <marc:subfield code="c">Jo Nesbø</marc:subfield>
        </marc:datafield>
        <marc:datafield tag="260" ind1=" " ind2=" ">
            <marc:subfield code="a">Oslo</marc:subfield>
            <marc:subfield code="b">Aschehoug</marc:subfield>
            <marc:subfield code="c">2007</marc:subfield>
        </marc:datafield>
        <marc:datafield tag="300" ind1=" " ind2=" ">
            <marc:subfield code="a">438 s.</marc:subfield>
        </marc:datafield>
        <marc:datafield tag="336" ind1=" " ind2=" ">
            <marc:subfield code="a">text</marc:subfield>
            <marc:subfield code="2">rdacontent</marc:subfield>
            <marc:subfield code="0">http://rdaregistry.info/termList/RDAContentType/1020</marc:subfield>
        </marc:datafield>
        <marc:datafield tag="337" ind1=" " ind2=" ">
            <marc:subfield code="a">unmediated</marc:subfield>
            <marc:subfield code="2">rdamedia</marc:subfield>
            <marc:subfield code="0">http://rdaregistry.info/termList/RDAMediaType/1007</marc:subfield>
        </marc:datafield>
        <marc:datafield tag="338" ind1=" " ind2=" ">
            <marc:subfield code="a">volume</marc:subfield>
            <marc:subfield code="2">rdacarrier</marc:subfield>
            <marc:subfield code="0">http://rdaregistry.info/termList/RDACarrierType/1049</marc:subfield>
        </marc:datafield>
        <marc:datafield tag="490" ind1="1" ind2=" ">
            <marc:subfield code="a">Harry Hole</marc:subfield>
            <marc:subfield code="v">7</marc:subfield>
        </marc:datafield>
        <marc:datafield tag="500" ind1=" " ind2=" ">
            <marc:subfield code="a">Opplagshistorikk: 9. oppl. 2011</marc:subfield>
        </marc:datafield>
        <marc:datafield tag="767" ind1="0" ind2=" ">
            <marc:subfield code="6">880-01</marc:subfield>
            <marc:subfield code="t">Sunōman</marc:subfield>
            <marc:subfield code="w">999921877220402201</marc:subfield>
            <marc:subfield code="z">978-4-08-760674-4</marc:subfield>
        </marc:datafield>
        <marc:datafield tag="767" ind1="0" ind2=" ">
            <marc:subfield code="a">Nesbø, Jo</marc:subfield>
            <marc:subfield code="t">El muñeco de nieve</marc:subfield>
            <marc:subfield code="w">991327657644702201</marc:subfield>
        </marc:datafield>
        <marc:datafield tag="767" ind1="0" ind2=" ">
            <marc:subfield code="a">Nesbø, Jo</marc:subfield>
            <marc:subfield code="t">Hóember</marc:subfield>
            <marc:subfield code="w">991420433034702201</marc:subfield>
        </marc:datafield>
        <marc:datafield tag="767" ind1="0" ind2=" ">
            <marc:subfield code="a">Nesbø, Jo</marc:subfield>
            <marc:subfield code="t">Lumememm</marc:subfield>
            <marc:subfield code="w">991324464644702201</marc:subfield>
        </marc:datafield>
        <marc:datafield tag="767" ind1="0" ind2=" ">
            <marc:subfield code="a">Nesbø, Jo</marc:subfield>
            <marc:subfield code="t">Rajul al-thalj :</marc:subfield>
            <marc:subfield code="w">991427829554702201</marc:subfield>
        </marc:datafield>
        <marc:datafield tag="767" ind1="0" ind2=" ">
            <marc:subfield code="a">Nesbø, Jo</marc:subfield>
            <marc:subfield code="t">Schneemann :</marc:subfield>
            <marc:subfield code="w">999920383965102201</marc:subfield>
        </marc:datafield>
        <marc:datafield tag="767" ind1="0" ind2=" ">
            <marc:subfield code="a">Nesbø, Jo</marc:subfield>
            <marc:subfield code="t">Sněhulák</marc:subfield>
            <marc:subfield code="w">991230129294702201</marc:subfield>
        </marc:datafield>
        <marc:datafield tag="767" ind1="0" ind2=" ">
            <marc:subfield code="a">Nesbø, Jo</marc:subfield>
            <marc:subfield code="t">Snemanden</marc:subfield>
            <marc:subfield code="b">5. udg.</marc:subfield>
            <marc:subfield code="w">999920152292502201</marc:subfield>
        </marc:datafield>
        <marc:datafield tag="767" ind1="0" ind2=" ">
            <marc:subfield code="a">Nesbø, Jo</marc:subfield>
            <marc:subfield code="t">Sneško</marc:subfield>
            <marc:subfield code="w">991400870364702201</marc:subfield>
        </marc:datafield>
        <marc:datafield tag="767" ind1="0" ind2=" ">
            <marc:subfield code="a">Nesbø, Jo</marc:subfield>
            <marc:subfield code="t">Snežak</marc:subfield>
            <marc:subfield code="w">999920140190202201</marc:subfield>
        </marc:datafield>
        <marc:datafield tag="767" ind1="0" ind2=" ">
            <marc:subfield code="a">Nesbø, Jo</marc:subfield>
            <marc:subfield code="t">Snežnija čovek</marc:subfield>
            <marc:subfield code="w">991344235184702201</marc:subfield>
        </marc:datafield>
        <marc:datafield tag="767" ind1="0" ind2=" ">
            <marc:subfield code="a">Nesbø, Jo</marc:subfield>
            <marc:subfield code="t">Sniegavīrs</marc:subfield>
            <marc:subfield code="w">991236072564702201</marc:subfield>
        </marc:datafield>
        <marc:datafield tag="767" ind1="0" ind2=" ">
            <marc:subfield code="a">Nesbø, Jo</marc:subfield>
            <marc:subfield code="t">The snowman</marc:subfield>
            <marc:subfield code="w">991443688624702201</marc:subfield>
        </marc:datafield>
        <marc:datafield tag="767" ind1="0" ind2=" ">
            <marc:subfield code="a">Nesbø, Jo</marc:subfield>
            <marc:subfield code="t">The snowman</marc:subfield>
            <marc:subfield code="w">999920163026802201</marc:subfield>
        </marc:datafield>
        <marc:datafield tag="767" ind1="0" ind2=" ">
            <marc:subfield code="a">Nesbø, Jo</marc:subfield>
            <marc:subfield code="t">The snowman</marc:subfield>
            <marc:subfield code="w">999920555983702201</marc:subfield>
        </marc:datafield>
        <marc:datafield tag="767" ind1="0" ind2=" ">
            <marc:subfield code="t">L'uomo di neve</marc:subfield>
            <marc:subfield code="w">999920577292102201</marc:subfield>
            <marc:subfield code="z">978-88-06-23191-0</marc:subfield>
        </marc:datafield>
        <marc:datafield tag="780" ind1="0" ind2="0">
            <marc:subfield code="t">Frelseren</marc:subfield>
            <marc:subfield code="z">9788203190537</marc:subfield>
            <marc:subfield code="z">8252560849</marc:subfield>
        </marc:datafield>
        <marc:datafield tag="785" ind1="0" ind2="0">
            <marc:subfield code="t">Panserhjerte</marc:subfield>
            <marc:subfield code="z">9788203195518</marc:subfield>
            <marc:subfield code="z">9788252572834</marc:subfield>
        </marc:datafield>
        <marc:datafield tag="830" ind1=" " ind2="0">
            <marc:subfield code="a">Harry Hole</marc:subfield>
            <marc:subfield code="v">7</marc:subfield>
        </marc:datafield>
    </marc:record>