
    <marc:record>
        <marc:leader>02086nam a2200289 c 4500</marc:leader>
        <marc:controlfield tag="001">999919962503402202</marc:controlfield>
        <marc:controlfield tag="005">20230609163053.0</marc:controlfield>
        <marc:controlfield tag="007">ta</marc:controlfield>
        <marc:controlfield tag="008">180925s2018    no a   e |||||00| 0dnob| </marc:controlfield>
        <marc:datafield tag="020" ind1=" " ind2=" ">
            <marc:subfield code="a">978-82-03-36423-5</marc:subfield>
            <marc:subfield code="q">ib.</marc:subfield>
            <marc:subfield code="c">Nkr 299.00</marc:subfield>
        </marc:datafield>
        <marc:datafield tag="082" ind1="0" ind2="4">
            <marc:subfield code="a">782.4216409481</marc:subfield>
            <marc:subfield code="q">NO-OsBAS</marc:subfield>
            <marc:subfield code="2">23/nor</marc:subfield>
        </marc:datafield>
        <marc:datafield tag="083" ind1=" " ind2=" ">
            <marc:subfield code="a">782.42</marc:subfield>
            <marc:subfield code="2">22</marc:subfield>
        </marc:datafield>
        <marc:datafield tag="100" ind1="1" ind2=" ">
            <marc:subfield code="a">Nesbø, Jo</marc:subfield>
            <marc:subfield code="d">1960-</marc:subfield>
            <marc:subfield code="0">(NO-TrBIB)90356569</marc:subfield>
            <marc:subfield code="1">http://viaf.org/viaf/44460209</marc:subfield>
            <marc:subfield code="4">http://rdaregistry.info/Elements/w/object/P10061</marc:subfield>
        </marc:datafield>
        <marc:datafield tag="240" ind1="1" ind2="0">
            <marc:subfield code="a">Rumba med Gunn og andre tekster</marc:subfield>
            <marc:subfield code="1">http://viaf.org/viaf/00000000</marc:subfield>
        </marc:datafield>
        <marc:datafield tag="245" ind1="1" ind2="0">
            <marc:subfield code="a">Jo Nesbø snakker med Hallgeir Opedal om Rumba med Gunn og andre tekster</marc:subfield>
            <marc:subfield code="c">illustrert av Per Dybvig</marc:subfield>
        </marc:datafield>
        <marc:datafield tag="246" ind1="3" ind2="0">
            <marc:subfield code="a">Rumba med Gunn</marc:subfield>
        </marc:datafield>
        <marc:datafield tag="246" ind1="3" ind2="0">
            <marc:subfield code="a">Rumba med Gunn og andre tekster</marc:subfield>
        </marc:datafield>
        <marc:datafield tag="260" ind1=" " ind2=" ">
            <marc:subfield code="a">Oslo</marc:subfield>
            <marc:subfield code="b">Aschehoug</marc:subfield>
            <marc:subfield code="c">cop. 2018</marc:subfield>
        </marc:datafield>
        <marc:datafield tag="300" ind1=" " ind2=" ">
            <marc:subfield code="a">111 s.</marc:subfield>
            <marc:subfield code="b">ill. (noen kol.)</marc:subfield>
            <marc:subfield code="c">24 cm</marc:subfield>
        </marc:datafield>
        <marc:datafield tag="336" ind1=" " ind2=" ">
            <marc:subfield code="a">text</marc:subfield>
            <marc:subfield code="2">rdacontent</marc:subfield>
            <marc:subfield code="0">http://rdaregistry.info/termList/RDAContentType/1020</marc:subfield>
        </marc:datafield>
        <marc:datafield tag="337" ind1=" " ind2=" ">
            <marc:subfield code="a">unmediated</marc:subfield>
            <marc:subfield code="2">rdamedia</marc:subfield>
            <marc:subfield code="0">http://rdaregistry.info/termList/RDAMediaType/1007</marc:subfield>
        </marc:datafield>
        <marc:datafield tag="338" ind1=" " ind2=" ">
            <marc:subfield code="a">volume</marc:subfield>
            <marc:subfield code="2">rdacarrier</marc:subfield>
            <marc:subfield code="0">http://rdaregistry.info/termList/RDACarrierType/1049</marc:subfield>
        </marc:datafield>
        <marc:datafield tag="520" ind1=" " ind2=" ">
            <marc:subfield code="a">Jo Nesbø har gjort verdenssuksess som krimforfatter, men han er også låtskriver. Per Dybvig er en av landets mest anerkjente illustratører, og har illustrert barnebokserien om Doktor Proktor.  Med Rumba med Gunn og andre tekster møtes Nesbø og Dybvig på nytt, denne gangen i Di Derres univers. Og leserne møter faren til Ivar, Erik Vea, nittimetersbakken og Gunn, slik vi aldri har sett dem før. Boka inneholder også en samtale mellom Jo Nesbø og Hallgeir Opedal, om låtskriving, rytmeforståelse, kompiser, avstandsforelskelse og fotball.</marc:subfield>
        </marc:datafield>
        <marc:datafield tag="600" ind1="1" ind2="7">
            <marc:subfield code="a">Nesbø, Jo</marc:subfield>
            <marc:subfield code="d">1960-</marc:subfield>
            <marc:subfield code="0">(NO-TrBIB)90356569</marc:subfield>
            <marc:subfield code="1">http://viaf.org/viaf/44460209</marc:subfield>
            <marc:subfield code="2">bare</marc:subfield>
        </marc:datafield>
        <marc:datafield tag="610" ind1="2" ind2="7">
            <marc:subfield code="a">Di derre (musikkgruppe)</marc:subfield>
            <marc:subfield code="0">(NO-TrBIB)4002803</marc:subfield>
            <marc:subfield code="1">http://viaf.org/viaf/1059149296144180670005</marc:subfield>
            <marc:subfield code="2">bare</marc:subfield>
        </marc:datafield>
        <marc:datafield tag="700" ind1="1" ind2=" ">
            <marc:subfield code="a">Dybvig, Per</marc:subfield>
            <marc:subfield code="d">1964-</marc:subfield>
            <marc:subfield code="0">(NO-TrBIB)90612202</marc:subfield>
            <marc:subfield code="1">http://viaf.org/viaf/10543719</marc:subfield>
            <marc:subfield code="4">http://rdaregistry.info/Elements/w/object/P10058</marc:subfield>
        </marc:datafield>
        <marc:datafield tag="700" ind1="1" ind2=" ">
            <marc:subfield code="a">Opedal, Hallgeir</marc:subfield>
            <marc:subfield code="d">1965-</marc:subfield>
            <marc:subfield code="0">(NO-TrBIB)55518</marc:subfield>
            <marc:subfield code="1">http://viaf.org/viaf/56002739</marc:subfield>
            <marc:subfield code="4">http://rdaregistry.info/Elements/w/object/P10446</marc:subfield>
        </marc:datafield>
    </marc:record>